@article {sindy,
	author = {Brunton, Steven L. and Proctor, Joshua L. and Kutz, J. Nathan},
	title = {Discovering governing equations from data by sparse identification of nonlinear dynamical systems},
	volume = {113},
	number = {15},
	pages = {3932--3937},
	year = {2016},
	doi = {10.1073/pnas.1517384113},
	publisher = {National Academy of Sciences},
	issn = {0027-8424},
	URL = {https://www.pnas.org/content/113/15/3932},
	eprint = {https://www.pnas.org/content/113/15/3932.full.pdf},
	journal = {Proceedings of the National Academy of Sciences}
}

@article{sir,
  author = {Kermack, William Ogilvy and McKendrick, A. G. and Walker, Gilbert Thomas },
  year = {1997},
  month = {A115},
  pages = {700–721},
  title = {A contribution to the mathematical theory of epidemics},
  volume = {12},
  journal = {Proc. R. Soc. Lond.},
  doi = {10.1098/rspa.1927.0118}
}

@article{delay,
author = {Keimer, Alexander and Pflug, Lukas},
year = {2020},
month = {05},
pages = {},
title = {Modeling infectious diseases using integro-differential equations: Optimal control strategies for policy decisions and Applications in COVID-19},
doi = {10.13140/RG.2.2.10845.44000}
}

@article{seir,
author = {Ivorra, Benjamin and Ruiz Ferrández, Miriam and Vela, María and Ramos, A.M.},
year = {2020},
month = {04},
pages = {},
title = {Mathematical modeling of the spread of the coronavirus disease 2019 (COVID-19) taking into account the undetected infections. The case of China},
doi = {10.13140/RG.2.2.21543.29604}
}

@ARTICLE{seir2,
  
AUTHOR={Wangping, Jia and Ke, Han and Yang, Song and Wenzhe, Cao and Shengshu, Wang and Shanshan, Yang and Jianwei, Wang and Fuyin, Kou and Penggang, Tai and Jing, Li and Miao, Liu and Yao, He},   
	 
TITLE={Extended SIR Prediction of the Epidemics Trend of COVID-19 in Italy and Compared With Hunan, China},      
	
JOURNAL={Frontiers in Medicine},      
	
VOLUME={7},      

PAGES={169},     
	
YEAR={2020},      
	  
URL={https://www.frontiersin.org/article/10.3389/fmed.2020.00169},       
	
DOI={10.3389/fmed.2020.00169},      
	
ISSN={2296-858X}
}

@article {age-groups,
	author = {Zhao, Zeyu and Zhu, Yuan-Zhao and Xu, Jing-Wen and Hu, Qing-Qing and Lei, Zhao and Rui, Jia and Liu, Xingchun and Wang, Yao and Luo, Li and Yu, Shan-Shan and Li, Jia and Liu, Ruo-Yun and Xie, Fang and Su, Ying-Ying and Chiang, Yi-Chen and Su, Yanhua and Zhao, Benhua and Chen, Tianmu},
	title = {A mathematical model for estimating the age-specific transmissibility of a novel coronavirus},
	elocation-id = {2020.03.05.20031849},
	year = {2020},
	doi = {10.1101/2020.03.05.20031849},
	publisher = {Cold Spring Harbor Laboratory Press},
	URL = {https://www.medrxiv.org/content/early/2020/03/08/2020.03.05.20031849},
	eprint = {https://www.medrxiv.org/content/early/2020/03/08/2020.03.05.20031849.full.pdf},
	journal = {medRxiv}
}

@article {spatial,
	author = {Kergassner, Andreas and Burkhardt, Christian and Lippold, Dorothee and Nistler, Sarah and Kergassner, Matthias and Steinmann, Paul and Budday, Dominik and Budday, Silvia},
	title = {Meso-scale modeling of COVID-19 spatio-temporal outbreak dynamics in Germany},
	elocation-id = {2020.06.10.20126771},
	year = {2020},
	doi = {10.1101/2020.06.10.20126771},
	publisher = {Cold Spring Harbor Laboratory Press},
	URL = {https://www.medrxiv.org/content/early/2020/06/17/2020.06.10.20126771},
	eprint = {https://www.medrxiv.org/content/early/2020/06/17/2020.06.10.20126771.full.pdf},
	journal = {medRxiv}
}

@article {spatial2,
	author = {Colombo, Rinaldo M and Garavello, Mauro and Marcellini, Francesca and Rossi, Elena},
	title = {An Age and Space Structured SIR Model Describing the Covid-19 Pandemic},
	elocation-id = {2020.05.15.20103317},
	year = {2020},
	doi = {10.1101/2020.05.15.20103317},
	publisher = {Cold Spring Harbor Laboratory Press},
	URL = {https://www.medrxiv.org/content/early/2020/05/20/2020.05.15.20103317},
	eprint = {https://www.medrxiv.org/content/early/2020/05/20/2020.05.15.20103317.full.pdf},
	journal = {medRxiv}
}

@article{mobile-app,
title = "Impact of delays on effectiveness of contact tracing strategies for COVID-19: a modelling study",
journal = "The Lancet Public Health",
volume = "5",
number = "8",
pages = "e452 - e459",
year = "2020",
issn = "2468-2667",
doi = "https://doi.org/10.1016/S2468-2667(20)30157-2",
url = "http://www.sciencedirect.com/science/article/pii/S2468266720301572",
author = "Mirjam E Kretzschmar and Ganna Rozhnova and Martin C J Bootsma and Michiel {van Boven} and Janneke H H M {van de Wijgert} and Marc J M Bonten",
}

@book{statistical,
  title={Statistical methods in spatial epidemiology},
  author={Lawson, Andrew B},
  year={2013},
  publisher={John Wiley \& Sons}
}

@article{statistical2,
  title={Current statistical methods for spatial epidemiology: a review},
  author={Osei, FB},
  journal={Austin Biometrics Biostat},
  volume={1},
  number={2},
  pages={1--7},
  year={2014}
}

@article{gravity,
  title={Synchrony, waves, and spatial hierarchies in the spread of influenza},
  author={Viboud, C{\'e}cile and Bj{\o}rnstad, Ottar N and Smith, David L and Simonsen, Lone and Miller, Mark A and Grenfell, Bryan T},
  journal={science},
  volume={312},
  number={5772},
  pages={447--451},
  year={2006},
  publisher={American Association for the Advancement of Science}
}

@article{gravity2, title={Validation of the Gravity Model in Predicting the Global Spread of Influenza}, volume={8}, ISSN={1660-4601}, url={http://dx.doi.org/10.3390/ijerph8083134}, DOI={10.3390/ijerph8083134}, number={8}, journal={International Journal of Environmental Research and Public Health}, publisher={MDPI AG}, author={Li, Xinhai and Tian, Huidong and Lai, Dejian and Zhang, Zhibin}, year={2011}, month={Jul}, pages={3134–3143}}

@article{network-based,
  title={The role of sexual partnership networks in the epidemiology of gonorrhea},
  author={Ghani, Azra C and Swinton, Jonathan and Garnett, Geoff P},
  journal={Sexually transmitted diseases},
  volume={24},
  number={1},
  pages={45--56},
  year={1997},
  publisher={LWW}
}

@incollection{network-based2,
  title={Suspended particulate loads and transports in the nepheloid layer of the abyssal Atlantic Ocean},
  author={Biscaye, Pierre E and Eittreim, Stephen L},
  booktitle={Developments in Sedimentology},
  volume={23},
  pages={155--172},
  year={1977},
  publisher={Elsevier}
}

@article{agent-based,
  title={The effects of local spatial structure on epidemiological invasions},
  author={Keeling, Matthew J},
  journal={Proceedings of the Royal Society of London. Series B: Biological Sciences},
  volume={266},
  number={1421},
  pages={859--867},
  year={1999},
  publisher={The Royal Society}
}

@article{agent-based2,
  title={Individual causal models and population system models in epidemiology.},
  author={Koopman, James S and Lynch, John W},
  journal={American Journal of Public Health},
  volume={89},
  number={8},
  pages={1170--1174},
  year={1999},
  publisher={American Public Health Association}
}

@article{automata,
  title={A simple cellular automaton model for influenza A viral infections},
  author={Beauchemin, Catherine and Samuel, John and Tuszynski, Jack},
  journal={Journal of theoretical biology},
  volume={232},
  number={2},
  pages={223--234},
  year={2005},
  publisher={Elsevier}
}

@article{hybrid,
  title={Decisions under uncertainty: a computational framework for quantification of policies addressing infectious disease epidemics},
  author={Mikler, Armin R and Venkatachalam, Sangeeta and Ramisetty-Mikler, Suhasini},
  journal={Stochastic Environmental Research and Risk Assessment},
  volume={21},
  number={5},
  pages={533},
  year={2007},
  publisher={Springer}
}

@inproceedings{hybrid2,
  title={Modeling infectious diseases using global stochastic field simulation},
  author={Venkatachalam, Sangeeta and Mikler, Armin R},
  booktitle={2006 IEEE International Conference on Granular Computing},
  pages={750--753},
  year={2006},
  organization={IEEE}
}

@article{epidemic-modeling-review,
  title={Modeling the spread of infectious diseases: A review},
  author={Chen, Dongmei},
  journal={Analyzing and modeling spatial and temporal dynamics of infectious diseases},
  pages={19--42},
  year={2014},
  publisher={Wiley Online Library}
}

@article {sindy2,
	author = {Rudy, Samuel H. and Brunton, Steven L. and Proctor, Joshua L. and Kutz, J. Nathan},
	title = {Data-driven discovery of partial differential equations},
	volume = {3},
	number = {4},
	elocation-id = {e1602614},
	year = {2017},
	doi = {10.1126/sciadv.1602614},
	publisher = {American Association for the Advancement of Science},
	URL = {https://advances.sciencemag.org/content/3/4/e1602614},
	eprint = {https://advances.sciencemag.org/content/3/4/e1602614.full.pdf},
	journal = {Science Advances}
}

@misc{stringency,
    author = {Hale, Thomas and Sam Webster and Anna Petherick and Toby Phillips and Beatriz Kira},
    title = {Oxford {COVID-19} {G}overnment {R}esponse {T}racker},
  journal = {Blavatnik School of Government},
    year = {2020}, 
    howpublished = {\url{https://github.com/OxCGRT/covid-policy-tracker/}},
    note = {Accessed: 2020-08-30}
}



@misc{indicators,
  title = {Understanding the {C}oronavirus {(COVID-19)} pandemic through data. {W}orld {B}ank},
  howpublished = {\url{http://datatopics.worldbank.org/universal-health-coverage/covid19/}},
  note = {Accessed: 2020-08-30}
}

@article{arima,
  title={Application of the ARIMA model on the COVID-2019 epidemic dataset},
  author={Benvenuto, Domenico and Giovanetti, Marta and Vassallo, Lazzaro and Angeletti, Silvia and Ciccozzi, Massimo},
  journal={Data in brief},
  pages={105340},
  year={2020},
  publisher={Elsevier}
}

@article{arima2,
  title={Short-term forecasting COVID-19 cumulative confirmed cases: Perspectives for Brazil},
  author={Ribeiro, Matheus Henrique Dal Molin and da Silva, Ramon Gomes and Mariani, Viviana Cocco and dos Santos Coelho, Leandro},
  journal={Chaos, Solitons \& Fractals},
  pages={109853},
  year={2020},
  publisher={Elsevier}
}

@article{nbeats,
  title={N-BEATS: Neural basis expansion analysis for interpretable time series forecasting},
  author={Oreshkin, Boris N and Carpov, Dmitri and Chapados, Nicolas and Bengio, Yoshua},
  journal={arXiv preprint arXiv:1905.10437},
  year={2019}
}